<record><leader>00000cas a22000007a 4500</leader><controlfield tag="001">34774575</controlfield><controlfield tag="008">960522d19171918okudn n       0    0eng d</controlfield><datafield ind1=" " ind2=" " tag="010"><subfield code="a">sn 96087795 </subfield></datafield><datafield ind1=" " ind2=" " tag="040"><subfield code="a">OBN</subfield><subfield code="b">eng</subfield><subfield code="c">OBN</subfield><subfield code="d">OCLCQ</subfield><subfield code="d">OCLCF</subfield><subfield code="d">OCLCO</subfield></datafield><datafield ind1="1" ind2=" " tag="029"><subfield code="a">AU@</subfield><subfield code="b">000025922234</subfield></datafield><datafield ind1=" " ind2=" " tag="042"><subfield code="a">msc</subfield></datafield><datafield ind1=" " ind2=" " tag="043"><subfield code="a">n-us-ok</subfield></datafield><datafield ind1="0" ind2="4" tag="245"><subfield code="a">The Enid daily morning news.</subfield></datafield><datafield ind1="3" ind2=" " tag="246"><subfield code="a">Enid daily news morning edition</subfield></datafield><datafield ind1="3" ind2=" " tag="246"><subfield code="a">Enid daily morning edition news</subfield></datafield><datafield ind1="3" ind2=" " tag="246"><subfield code="a">Enid morning daily news</subfield></datafield><datafield ind1="3" ind2=" " tag="246"><subfield code="a">Enid news</subfield></datafield><datafield ind1="3" ind2=" " tag="246"><subfield code="a">Enid daily news</subfield></datafield><datafield ind1=" " ind2=" " tag="260"><subfield code="a">Enid, Okla. :</subfield><subfield code="b">Elam &amp; Dunlap</subfield></datafield><datafield ind1=" " ind2=" " tag="300"><subfield code="a">v.</subfield></datafield><datafield ind1=" " ind2=" " tag="310"><subfield code="a">Daily (except Mon.)</subfield></datafield><datafield ind1="0" ind2=" " tag="362"><subfield code="a">Vol. 24, no. 230 (July 24, 1917)-</subfield></datafield><datafield ind1=" " ind2=" " tag="580"><subfield code="a">Evening ed.: Enid daily news, 1917.</subfield></datafield><datafield ind1=" " ind2="0" tag="651"><subfield code="a">Enid (Okla.)</subfield><subfield code="v">Newspapers.</subfield></datafield><datafield ind1=" " ind2="0" tag="651"><subfield code="a">Garfield County (Okla.)</subfield><subfield code="v">Newspapers.</subfield></datafield><datafield ind1=" " ind2="7" tag="655"><subfield code="a">Newspapers.</subfield><subfield code="2">fast</subfield><subfield code="0">(OCoLC)fst01423814</subfield></datafield><datafield ind1=" " ind2="7" tag="651"><subfield code="a">Oklahoma</subfield><subfield code="z">Enid.</subfield><subfield code="2">fast</subfield><subfield code="0">(OCoLC)fst01220626</subfield></datafield><datafield ind1=" " ind2="7" tag="651"><subfield code="a">Oklahoma</subfield><subfield code="z">Garfield County.</subfield><subfield code="2">fast</subfield><subfield code="0">(OCoLC)fst01221561</subfield></datafield><datafield ind1=" " ind2=" " tag="752"><subfield code="a">United States</subfield><subfield code="b">Oklahoma</subfield><subfield code="c">Garfield</subfield><subfield code="d">Enid.</subfield></datafield><datafield ind1="0" ind2=" " tag="775"><subfield code="t">Enid daily news</subfield><subfield code="w">(DLC)sn 96087796</subfield><subfield code="w">(OCoLC)34774667</subfield></datafield><datafield ind1="0" ind2="0" tag="780"><subfield code="t">Enid morning news (Enid, Okla. : 1910)</subfield><subfield code="w">(DLC)sn 96087794</subfield><subfield code="w">(OCoLC)34774418</subfield></datafield><datafield ind1="0" ind2="0" tag="785"><subfield code="t">Enid morning news</subfield><subfield code="w">(DLC)sn 85042302</subfield><subfield code="w">(OCoLC)12101153</subfield></datafield></record>